@INPROCEEDINGS{Mariani:ISSRE:2008,
  author = {Leonardo Mariani and Fabrizio Pastore},
  title = {Automated Identification of Failure Causes in System Logs},
  booktitle = {Proceedings of the 19th IEEE International Symposium on Software
	Reliability Engineering (ISSRE'08)},
  year = {2008},
  pages = {117 - 126},
  address = {Washington, DC, USA},
  publisher = {IEEE Computer Society},
  file = {:home/fabrizio/Documents/Articoli/Tutti/Mariani_Pastore-AutomatedIdentificationOfFailureCausesInSystemLogs.pdf:PDF},
  keywords = {AnomalyDetection,FaultLocalization,RootCauseAnalysis},
  owner = {fabrizio},
  timestamp = {2008.09.08}
}

@ARTICLE{Mariani:COTS:IEEES:2007,
AUTHOR =       {L. Mariani and M. Pezz\`e},
TITLE =        {Dynamic Detection of {COTS} Components
Incompatibility},
JOURNAL =      {{IEEE} Software},
YEAR =         {2007},
volume =       {24},
number =       {5},
pages =        {76--85},
month =        {September/October},
}

@INPROCEEDINGS{Cotroneo:LogFileAnalysis:SOQUA:2007,
author = {Domenico Cotroneo and Roberto Pietrantuono and Leonardo
Mariani and Fabrizio Pastore},
title = {Investigation of failure causes in workload-driven
reliability testing},
booktitle = {proceedings of the Fourth international workshop on
Software quality assurance},
year = {2007},
pages = {78--85},
publisher = {ACM},
}


@MISC{GNetbeansCaseStudy:WEBSITE:2008,
  author =       "{Glassfish user forum}",
  note =
{Glassfish configuration
issue. http://forum.java.sun.com/thread.jspa?threadID=5249570, visited
in 2010},
  
}

@MISC{petstore,
  author =       "{Sun}",
  note =
{Java PetStore. http://java.sun.com/developer/releases/petstore/}
,
  year =         {visited in 2010},
}

@MISC{netbeans,
  author =       "{Oracle}",
  note =        {Netbeans. http://netbeans.org/}
,
  year =         {visited in 2010},
}


@MISC{ulf,
  author =       "{Sun}",
  note =        {GlassFish v3 Application Server Administration Guide. http://docs.sun.com/doc/820-4495},
  year =         {visited in 2010},
}

@INPROCEEDINGS{VaarandiIPOM2003,
  author = {Vaarandi, R.},
  title = {A data clustering algorithm for mining patterns from event
logs},
  booktitle = {Proceedings of the 3rd IEEE Workshop on IP Operations
and Management},
  year = {2003}
}