@MISC{GNetbeansCaseStudy:WEBSITE:2008,
  author =       "{Glassfish user forum}",
  note =
{Glassfish configuration
issue. http://forum.java.sun.com/thread.jspa?threadID=5249570, visited
in 2008},
  
}